@misc{reactivemanifesto,
  title        = {The Reactive Manifesto},
  howpublished = {\url{https://www.reactivemanifesto.org/}},
  note = {Published: 2014-09-16, Accessed: 2021-09-30}
}

@techreport{agha_1985,
  title={Actors: A model of concurrent computation in distributed systems.},
  author={Agha, Gul A},
  year={1985},
  institution={Massachusetts Inst of Tech Cambridge Artificial Intelligence Lab}
}