@misc{reactivemanifesto,
  title        = {The Reactive Manifesto},
  howpublished = {\url{https://www.reactivemanifesto.org/}}
}

@article{agha_1986,
  title  = {Actors},
  doi    = {10.7551/mitpress/1086.001.0001},
  author = {Agha, Gul},
  year   = {1986},
  pages  = {26â€“28}
}